<record><leader>00000cas a22000007a 4500</leader><controlfield tag="001">2262946</controlfield><controlfield tag="008">760620d18881894paudn ne      0    0eng d</controlfield><datafield ind1=" " ind2=" " tag="010"><subfield code="a">sn 87079970 </subfield></datafield><datafield ind1=" " ind2=" " tag="040"><subfield code="a">PIT</subfield><subfield code="b">eng</subfield><subfield code="c">PIT</subfield><subfield code="d">NPH</subfield><subfield code="d">OCLCQ</subfield><subfield code="d">DLC</subfield></datafield><datafield ind1=" " ind2=" " tag="042"><subfield code="a">msc</subfield></datafield><datafield ind1="0" ind2="0" tag="245"><subfield code="a">Johnstown daily Democrat.</subfield></datafield><datafield ind1="3" ind2="0" tag="246"><subfield code="a">Johnstown Democrat</subfield></datafield><datafield ind1=" " ind2=" " tag="260"><subfield code="a">Johnstown, Cambria Co., Pa. :</subfield><subfield code="b">Warren Worth Bailey,</subfield><subfield code="c">-1894.</subfield></datafield><datafield ind1=" " ind2=" " tag="300"><subfield code="a">v.</subfield></datafield><datafield ind1=" " ind2=" " tag="310"><subfield code="a">Daily (except Sunday)</subfield></datafield><datafield ind1="1" ind2=" " tag="362"><subfield code="a">Began with Aug. 22, 1888 issue.</subfield><subfield code="z">Cf. Storey, H.W. Hist. of Cambria Co., Pa.</subfield></datafield><datafield ind1="0" ind2=" " tag="362"><subfield code="a">-v. 7, no. 1860 (Sept. 13, 1894).</subfield></datafield><datafield ind1=" " ind2=" " tag="580"><subfield code="a">Issued also in weekly editions called: Johstown Democrat (Johnstown, Pa. : Weekly), Aug. 22, 1888-&lt;1889&gt;; and: Johnstown weekly Democrat, &lt;1889&gt;-Sept. 13, 1894.</subfield></datafield><datafield ind1=" " ind2=" " tag="588"><subfield code="a">Description based on: Vol. 5, no. 1450 (May 5, 1893).</subfield></datafield><datafield ind1=" " ind2=" " tag="752"><subfield code="a">United States</subfield><subfield code="b">Pennsylvania</subfield><subfield code="c">Cambria</subfield><subfield code="d">Johnstown.</subfield></datafield><datafield ind1="1" ind2=" " tag="775"><subfield code="t">Johnstown Democrat (Johnstown, Pa. : Weekly)</subfield><subfield code="w">(DLC)sn 83032210</subfield></datafield><datafield ind1="1" ind2=" " tag="775"><subfield code="t">Johnstown weekly Democrat</subfield><subfield code="x">2376-3469</subfield><subfield code="w">(DLC)sn 86083274</subfield><subfield code="w">(OCoLC)14262885</subfield></datafield><datafield ind1="0" ind2="0" tag="785"><subfield code="t">Johnstown Democrat (Johnstown, Pa. : Daily)</subfield><subfield code="w">(DLC)sn 87079968</subfield></datafield></record>